<?xml version="1.0" encoding="UTF-8"?><collection xmlns="http://www.loc.gov/MARC21/slim"><record><leader>00553nam--2200169-i-4500</leader><controlfield tag="001">000024075</controlfield><controlfield tag="002">20161230</controlfield><controlfield tag="005">20161230201035</controlfield><controlfield tag="008">060222s1000------------r-----000-0-eng-d</controlfield><datafield ind1=" " ind2=" " tag="040"><subfield code="a">IFIN-HH</subfield></datafield><datafield ind1=" " ind2=" " tag="080"><subfield code="a">53</subfield></datafield><datafield ind1="1" ind2=" " tag="110"><subfield code="a">The Institute Of Physics, Greeat Britain</subfield></datafield><datafield ind1="1" ind2="0" tag="245"><subfield code="a">1970 the physics exhibition handbook. 54th exhbition of scientific instrumentts and apparatus alexandra palace, london, 2-5 march, 1970</subfield></datafield><datafield ind1=" " ind2=" " tag="260"><subfield code="a">Brentford</subfield><subfield code="b">F.J. Milner And Sons Ltd</subfield><subfield code="c">1970</subfield></datafield><datafield ind1=" " ind2=" " tag="300"><subfield code="a">XVIII+294P</subfield></datafield><datafield ind1=" " ind2=" " tag="852"><subfield code="a">33230</subfield><subfield code="c">53.08</subfield></datafield><datafield ind1=" " ind2=" " tag="CAT"><subfield code="a">Sys</subfield><subfield code="c">20151028</subfield><subfield code="h">155804</subfield></datafield></record></collection>